 
@INPROCEEDINGS{chaudhuri, 
author={S. Chaudhuri and V. Ganti and R. Kaushik}, 
booktitle={22nd International Conference on Data Engineering (ICDE'06)}, 
title={A Primitive Operator for Similarity Joins in Data Cleaning}, 
year={2006}, 
pages={5-5}, 
keywords={Cleaning;Couplings;Data engineering;Data warehouses;Database systems;Hamming distance;Marketing and sales;Performance evaluation}, 
doi={10.1109/ICDE.2006.9}, 
ISSN={1063-6382}, 
month={April},}
 
@inproceedings{anastasiu2014,
	author = {Anastasiu, David C. and Karypis, George},
	title = {L2AP: Fast Cosine Similarity Search With Prefix L-2 Norm Bounds},
	booktitle = {30th IEEE International Conference on Data Engineering},
	series = {ICDE '14},
	year = {2014},
	location = {Chicago, IL, USA},
	numpages = {12}
}
 @inproceedings{Anastasiu2015,
 author = {Anastasiu, David C. and Karypis, George},
 title = {L2Knng: Fast Exact K-Nearest Neighbor Graph Construction with L2-Norm Pruning},
 booktitle = {Proceedings of the 24th ACM International on Conference on Information and Knowledge Management},
 series = {CIKM '15},
 year = {2015},
 isbn = {978-1-4503-3794-6},
 location = {Melbourne, Australia},
 pages = {791--800},
 numpages = {10},
 url = {http://doi.acm.org/10.1145/2806416.2806534},
 doi = {10.1145/2806416.2806534},
 acmid = {2806534},
 publisher = {ACM},
 address = {New York, NY, USA},
 keywords = {cosine similarity, k-nearest neighbor graph, similarity search, top-k}
} 
 
@inproceedings{Anastasiu_2,
 author = {Anastasiu, David C. and Karypis, George},
 title = {PL2AP: Fast Parallel Cosine Similarity Search},
 booktitle = {Proceedings of the 5th Workshop on Irregular Applications: Architectures and Algorithms},
 series = {IA3 '15},
 year = {2015},
 isbn = {978-1-4503-4001-4},
 location = {Austin, Texas},
 pages = {8:1--8:8},
 articleno = {8},
 numpages = {8},
 url = {http://doi.acm.org/10.1145/2833179.2833182},
 doi = {10.1145/2833179.2833182},
 acmid = {2833182},
 publisher = {ACM},
 address = {New York, NY, USA},
 keywords = {bounded cosine similarity graph, cosine similarity, similarity join, similarity search}
}

@inproceedings{de2010scaling,
  title={Scaling Out All Pairs Similarity Search with MapReduce},
  author={De Francisci Morales, Gianmarco and Lucchese, Claudio and Baraglia, Ranieri},
  booktitle={LSDS-IR '10: 8th Workshop on Large-Scale Distributed Systems for Information Retrieval (@SIGIR)},
  pages={25--30},
  year={2010}
}
@inproceedings{Elsayed,
 author = {Elsayed, Tamer and Lin, Jimmy and Oard, Douglas W.},
 title = {Pairwise Document Similarity in Large Collections with MapReduce},
 booktitle = {Proceedings of the 46th Annual Meeting of the Association for Computational Linguistics on Human Language Technologies: Short Papers},
 series = {HLT-Short '08},
 year = {2008},
 location = {Columbus, Ohio},
 pages = {265--268},
 numpages = {4},
 url = {http://dl.acm.org/citation.cfm?id=1557690.1557767},
 acmid = {1557767},
 publisher = {Association for Computational Linguistics},
 address = {Stroudsburg, PA, USA}
} 

@inproceedings{Lin,
 author = {Lin, Jimmy},
 title = {Brute Force and Indexed Approaches to Pairwise Document Similarity Comparisons with MapReduce},
 booktitle = {Proceedings of the 32Nd International ACM SIGIR Conference on Research and Development in Information Retrieval},
 series = {SIGIR '09},
 year = {2009},
 isbn = {978-1-60558-483-6},
 location = {Boston, MA, USA},
 pages = {155--162},
 numpages = {8},
 url = {http://doi.acm.org/10.1145/1571941.1571970},
 doi = {10.1145/1571941.1571970},
 acmid = {1571970},
 publisher = {ACM},
 address = {New York, NY, USA},
 keywords = {distributed algorithms, hadoop}
} 

 
 @INPROCEEDINGS{5694030, 
author={R. Baraglia and G. De Francisci Morales and C. Lucchese}, 
booktitle={2010 IEEE International Conference on Data Mining}, 
title={Document Similarity Self-Join with MapReduce}, 
year={2010}, 
pages={731-736}, 
keywords={distributed databases;document handling;network operating systems;parallel algorithms;MapReduce-based technique;distributed file system;document similarity;memory bottlenecks;object collection;parallel algorithm;partitioning strategy;pruning strategy;serial algorithm;user defined threshold;MapReduce;Similarity Self-Join;Web Information Retrieval}, 
doi={10.1109/ICDM.2010.70}, 
ISSN={1550-4786}, 
month={Dec},}
@inproceedings{Tang,
 author = {Tang, Xun and Alabduljalil, Maha and Jin, Xin and Yang, Tao},
 title = {Load Balancing for Partition-based Similarity Search},
 booktitle = {Proceedings of the 37th International ACM SIGIR Conference on Research \&\#38; Development in Information Retrieval},
 series = {SIGIR '14},
 year = {2014},
 isbn = {978-1-4503-2257-7},
 location = {Gold Coast, Queensland, Australia},
 pages = {193--202},
 numpages = {10},
 url = {http://doi.acm.org/10.1145/2600428.2609624},
 doi = {10.1145/2600428.2609624},
 acmid = {2609624},
 publisher = {ACM},
 address = {New York, NY, USA},
 keywords = {all-pairs similarity search, competitiveness analysis, load balancing, partitioning}
} 
@inproceedings{Alabduljalil_1,
 author = {Alabduljalil, Maha Ahmed and Tang, Xun and Yang, Tao},
 title = {Optimizing Parallel Algorithms for All Pairs Similarity Search},
 booktitle = {Proceedings of the Sixth ACM International Conference on Web Search and Data Mining},
 series = {WSDM '13},
 year = {2013},
 isbn = {978-1-4503-1869-3},
 location = {Rome, Italy},
 pages = {203--212},
 numpages = {10},
 url = {http://doi.acm.org/10.1145/2433396.2433422},
 doi = {10.1145/2433396.2433422},
 acmid = {2433422},
 publisher = {ACM},
 address = {New York, NY, USA},
 keywords = {filtering, load balancing, parallel similarity search, partitioning}
} 
@INPROCEEDINGS{6816700, 
author={D. C. Anastasiu and G. Karypis}, 
booktitle={2014 IEEE 30th International Conference on Data Engineering}, 
title={L2AP: Fast cosine similarity search with prefix L-2 norm bounds}, 
year={2014}, 
pages={784-795}, 
keywords={information filtering;AllPairs method;BayesLSH method;Cauchy-Schwarz inequality;L2AP algorithm;MMJoin method;all-pairs similarity search;cosine similarity context;dynamically built inverted index;fast cosine similarity search;filtering strategies;high dimensional sparse dataset;prefix l2-norm bounds;pruning strategies;search time;self-similarity join problem;similarity thresholds;similarity value;size-based bounds;value-based bounds;weighted vectors context;Approximation algorithms;Heuristic algorithms;Indexing;Search problems;Upper bound;Vectors}, 
doi={10.1109/ICDE.2014.6816700}, 
ISSN={1063-6382}, 
month={March},}

 @inproceedings{Dong,
 author = {Dong, Wei and Moses, Charikar and Li, Kai},
 title = {Efficient K-nearest Neighbor Graph Construction for Generic Similarity Measures},
 booktitle = {Proceedings of the 20th International Conference on World Wide Web},
 series = {WWW '11},
 year = {2011},
 isbn = {978-1-4503-0632-4},
 location = {Hyderabad, India},
 pages = {577--586},
 numpages = {10},
 url = {http://doi.acm.org/10.1145/1963405.1963487},
 doi = {10.1145/1963405.1963487},
 acmid = {1963487},
 publisher = {ACM},
 address = {New York, NY, USA},
 keywords = {arbitrary similarity measure, iterative method, k-nearest neighbor graph}
} 
@inproceedings{Chaudhuri:2006 ,
 author = {Chaudhuri, Surajit and Ganti, Venkatesh and Kaushik, Raghav},
 title = {A Primitive Operator for Similarity Joins in Data Cleaning},
 booktitle = {Proceedings of the 22Nd International Conference on Data Engineering},
 series = {ICDE '06},
 year = {2006},
 isbn = {0-7695-2570-9},
 pages = {5--},
 url = {http://dx.doi.org/10.1109/ICDE.2006.9},
 doi = {10.1109/ICDE.2006.9},
 acmid = {1129865},
 publisher = {IEEE Computer Society},
 address = {Washington, DC, USA}
} 

 
@inproceedings{Alabduljalil:2013,
 author = {Alabduljalil, Maha and Tang, Xun and Yang, Tao},
 title = {Cache-conscious Performance Optimization for Similarity Search},
 booktitle = {Proceedings of the 36th International ACM SIGIR Conference on Research and Development in Information Retrieval},
 series = {SIGIR '13},
 year = {2013},
 isbn = {978-1-4503-2034-4},
 location = {Dublin, Ireland},
 pages = {713--722},
 numpages = {10},
 url = {http://doi.acm.org/10.1145/2484028.2484077},
 doi = {10.1145/2484028.2484077},
 acmid = {2484077},
 publisher = {ACM},
 address = {New York, NY, USA},
 keywords = {data traversal, memory hierarchy, similarity search}
} 
@INPROCEEDINGS{5286059, 
author={A. Awekar and N. F. Samatova}, 
booktitle={2009 IEEE/WIC/ACM International Joint Conference on Web Intelligence and Intelligent Agent Technology}, 
title={Fast Matching for All Pairs Similarity Search}, 
year={2009}, 
volume={1}, 
pages={295-300}, 
keywords={Algorithm design and analysis;Conferences;Data preprocessing;Indexing;Intelligent agent;Laboratories;Search engines;Social network services;Software libraries;USA Councils;data mining;inverted index;similarity search}, 
doi={10.1109/WI-IAT.2009.52}, 
month={Sept},}

@Inbook{Park2014,
author="Park, Youngki
and Park, Sungchan
and Lee, Sang-goo
and Jung, Woosung",
editor="Bhowmick, Sourav S.
and Dyreson, Curtis E.
and Jensen, Christian S.
and Lee, Mong Li
and Muliantara, Agus
and Thalheim, Bernhard",
title="Greedy Filtering: A Scalable Algorithm for K-Nearest Neighbor Graph Construction",
bookTitle="Database Systems for Advanced Applications: 19th International Conference, DASFAA 2014, Bali, Indonesia, April 21-24, 2014. Proceedings, Part I",
year="2014",
publisher="Springer International Publishing",
address="Cham",
pages="327--341",
isbn="978-3-319-05810-8",
doi="10.1007/978-3-319-05810-8_22",
url="http://dx.doi.org/10.1007/978-3-319-05810-8_22"
}

@inproceedings{Ribeiro ,
 author = {Ribeiro, Leonardo A. and H\"{a}rder, Theo},
 title = {Efficient Set Similarity Joins Using Min-prefixes},
 booktitle = {Proceedings of the 13th East European Conference on Advances in Databases and Information Systems},
 series = {ADBIS '09},
 year = {2009},
 isbn = {978-3-642-03972-0},
 location = {Riga, Latvia},
 pages = {88--102},
 numpages = {15},
 url = {http://dx.doi.org/10.1007/978-3-642-03973-7_8},
 doi = {10.1007/978-3-642-03973-7_8},
 acmid = {1616682},
 publisher = {Springer-Verlag},
 address = {Berlin, Heidelberg}
} 


@inproceedings{Lee ,
 author = {Lee, Dongjoo and Park, Jaehui and Shim, Junho and Lee, Sang-goo},
 title = {An Efficient Similarity Join Algorithm with Cosine Similarity Predicate},
 booktitle = {Proceedings of the 21st International Conference on Database and Expert Systems Applications: Part II},
 series = {DEXA'10},
 year = {2010},
 isbn = {3-642-15250-3, 978-3-642-15250-4},
 location = {Bilbao, Spain},
 pages = {422--436},
 numpages = {15},
 url = {http://dl.acm.org/citation.cfm?id=1887568.1887611},
 acmid = {1887611},
 publisher = {Springer-Verlag},
 address = {Berlin, Heidelberg}
} 


@inproceedings{Bayardo,
 author = {Bayardo, Roberto J. and Ma, Yiming and Srikant, Ramakrishnan},
 title = {Scaling Up All Pairs Similarity Search},
 booktitle = {Proceedings of the 16th International Conference on World Wide Web},
 series = {WWW '07},
 year = {2007},
 isbn = {978-1-59593-654-7},
 location = {Banff, Alberta, Canada},
 pages = {131--140},
 numpages = {10},
 url = {http://doi.acm.org/10.1145/1242572.1242591},
 doi = {10.1145/1242572.1242591},
 acmid = {1242591},
 publisher = {ACM},
 address = {New York, NY, USA},
 keywords = {data mining, similarity join, similarity search},
}